@article{1,
  author = {Sarma, Sankar Das and Freedman, Michael and Nayak, Chetan},
  month = {10},
  title = {Majorana zero modes and topological quantum computation},
  urldate = {2020-04-15},
  volume = {1},
  year = {2015},
  journal = {npj Quantum Information}
}

@article{2,
  author = {Feynman, Richard P.},
  month = {06},
  pages = {467-488},
  title = {Simulating physics with computers},
  volume = {21},
  year = {1982},
  journal = {International Journal of Theoretical Physics}
}

@article{3,
  author = {Quintanilla, Jorge and Hooley, Chris},
  month = {06},
  pages = {32-37},
  title = {The strong-correlations puzzle},
  volume = {22},
  year = {2009},
  journal = {Physics World}
}

@article{4,
  author = {Phillips, J. C.},
  month = {01},
  pages = {1307-1310},
  title = {Percolative theories of strongly disordered ceramic high-temperature superconductors},
  volume = {107},
  year = {2010},
  journal = {Proceedings of the National Academy of Sciences}
}

@article{5,
  author = {Beringer, J. and Arguin, J. -F. and Barnett, R. M. and Copic, K. and Dahl, O. and Groom, D. E. and Lin, C. -J. and Lys, J. and Murayama, H. and Wohl, C. G. and Yao, W. -M. and Zyla, P. A. and Amsler, C. and Antonelli, M. and Asner, D. M. and Baer, H. and Band, H. R. and Basaglia, T. and Bauer, C. W. and Beatty, J. J. and Belousov, V. I. and Bergren, E. and Bernardi, G. and Bertl, W. and Bethke, S. and Bichsel, H. and Biebel, O. and Blucher, E. and Blusk, S. and Brooijmans, G. and Buchmueller, O. and Cahn, R. N. and Carena, M. and Ceccucci, A. and Chakraborty, D. and Chen, M. -C. and Chivukula, R. S. and Cowan, G. and D'Ambrosio, G. and Damour, T. and de Florian, D. and de Gouvêa, A. and DeGrand, T. and de Jong, P. and Dissertori, G. and Dobrescu, B. and Doser, M. and Drees, M. and Edwards, D. A. and Eidelman, S. and Erler, J. and Ezhela, V. V. and Fetscher, W. and Fields, B. D. and Foster, B. and Gaisser, T. K. and Garren, L. and Gerber, H. -J. and Gerbier, G. and Gherghetta, T. and Golwala, S. and Goodman, M. and Grab, C. and Gritsan, A. V. and Grivaz, J. -F. and Grünewald, M. and Gurtu, A. and Gutsche, T. and Haber, H. E. and Hagiwara, K. and Hagmann, C. and Hanhart, C. and Hashimoto, S. and Hayes, K. G. and Heffner, M. and Heltsley, B. and Hernández-Rey, J. J. and Hikasa, K. and Höcker, A. and Holder, J. and Holtkamp, A. and Huston, J. and Jackson, J. D. and Johnson, K. F. and Junk, T. and Karlen, D. and Kirkby, D. and Klein, S. R. and Klempt, E. and Kowalewski, R. V. and Krauss, F. and Kreps, M. and Krusche, B. and Kuyanov, Yu. V. and Kwon, Y. and Lahav, O. and Laiho, J. and Langacker, P. and Liddle, A. and Ligeti, Z. and Liss, T. M. and Littenberg, L. and Lugovsky, K. S. and Lugovsky, S. B. and Mannel, T. and Manohar, A. V. and Marciano, W. J. and Martin, A. D. and Masoni, A. and Matthews, J. and Milstead, D. and Miquel, R. and Mönig, K. and Moortgat, F. and Nakamura, K. and Narain, M. and Nason, P. and Navas, S. and Neubert, M. and Nevski, P. and Nir, Y. and Olive, K. A. and Pape, L. and Parsons, J. and Patrignani, C. and Peacock, J. A. and Petcov, S. T. and Piepke, A. and Pomarol, A. and Punzi, G. and Quadt, A. and Raby, S. and Raffelt, G. and Ratcliff, B. N. and Richardson, P. and Roesler, S. and Rolli, S. and Romaniouk, A. and Rosenberg, L. J. and Rosner, J. L. and Sachrajda, C. T. and Sakai, Y. and Salam, G. P. and Sarkar, S. and Sauli, F. and Schneider, O. and Scholberg, K. and Scott, D. and Seligman, W. G. and Shaevitz, M. H. and Sharpe, S. R. and Silari, M. and Sjöstrand, T. and Skands, P. and Smith, J. G. and Smoot, G. F. and Spanier, S. and Spieler, H. and Stahl, A. and Stanev, T. and Stone, S. L. and Sumiyoshi, T. and Syphers, M. J. and Takahashi, F. and Tanabashi, M. and Terning, J. and Titov, M. and Tkachenko, N. P. and Törnqvist, N. A. and Tovey, D. and Valencia, G. and van Bibber, K. and Venanzoni, G. and Vincter, M. G. and Vogel, P. and Vogt, A. and Walkowiak, W. and Walter, C. W. and Ward, D. R. and Watari, T. and Weiglein, G. and Weinberg, E. J. and Wiencke, L. R. and Wolfenstein, L. and Womersley, J. and Woody, C. L. and Workman, R. L. and Yamamoto, A. and Zeller, G. P. and Zenin, O. V. and Zhang, J. and Zhu, R. -Y. and Harper, G. and Lugovsky, V. S. and Schaffner, P.},
  month = {07},
  title = {Review of Particle Physics},
  volume = {86},
  year = {2012},
  journal = {Physical Review D}
}

@article{6,
  author = {Yang, C. N. and Mills, R. L.},
  month = {10},
  pages = {191-195},
  title = {Conservation of Isotopic Spin and Isotopic Gauge Invariance},
  volume = {96},
  year = {1954},
  journal = {Physical Review}
}

@book{7,
  author = {Greensite, Jeff},
  publisher = {Springer Berlin Heidelberg},
  title = {An Introduction to the Confinement Problem},
  year = {2011},
  organization = {Lecture Notes in Physics}
}

@article{8,
  author = {Gignoux, C. and Silvestre-Brac, B. and Richard, J.M.},
  month = {07},
  pages = {323-326},
  title = {Possibility of stable multiquark baryons},
  volume = {193},
  year = {1987},
  journal = {Physics Letters B}
}

@article{9,
  author = {Wilson, Kenneth G.},
  month = {10},
  pages = {2445-2459},
  title = {Confinement of quarks},
  volume = {10},
  year = {1974},
  journal = {Physical Review D}
}

@article{10,
  author = {Cohen‐Tannoudji, Claude N. and Phillips, William D.},
  month = {10},
  pages = {33-40},
  title = {New Mechanisms for Laser Cooling},
  volume = {43},
  year = {1990},
  journal = {Physics Today}
}

@article{11,
  author = {Chu, Steven},
  month = {07},
  pages = {685-706},
  title = {Nobel Lecture: The manipulation of neutral particles},
  volume = {70},
  year = {1998},
  journal = {Reviews of Modern Physics}
}

@article{12,
  author = {Cornell, E. A. and Wieman, C. E.},
  month = {08},
  pages = {875-893},
  title = {Nobel Lecture: Bose-Einstein condensation in a dilute gas, the first 70 years and some recent experiments},
  volume = {74},
  year = {2002},
  journal = {Reviews of Modern Physics}
}

@article{13,
  author = {Ketterle, Wolfgang},
  month = {11},
  pages = {1131-1151},
  title = {Nobel lecture: When atoms behave as waves: Bose-Einstein condensation and the atom laser},
  volume = {74},
  year = {2002},
  journal = {Reviews of Modern Physics}
}

@article{14,
  author = {Chin, Cheng and Grimm, Rudolf and Julienne, Paul and Tiesinga, Eite},
  month = {04},
  pages = {1225–1286},
  title = {Feshbach Resonances in Ultracold Gases},
  volume = {82},
  year = {2010},
  journal = {Reviews of Modern Physics}
}

@article{15,
  author = {Couteau, Christophe},
  month = {07},
  pages = {291-304},
  title = {Spontaneous parametric down-conversion},
  volume = {59},
  year = {2018},
  journal = {Contemporary Physics}
}

@article{16,
  author = {Georgescu, I. M. and Ashhab, S. and Nori, Franco},
  month = {03},
  pages = {153-185},
  title = {Quantum simulation},
  volume = {86},
  year = {2014},
  journal = {Reviews of Modern Physics}
}

@article{17,
  author = {Greiner, Markus and Mandel, Olaf and Esslinger, Tilman and Hänsch, Theodor W. and Bloch, Immanuel},
  month = {01},
  pages = {39-44},
  title = {Quantum phase transition from a superfluid to a Mott insulator in a gas of ultracold atoms},
  volume = {415},
  year = {2002},
  journal = {Nature}
}

@article{18,
  author = {Ortner, M and Micheli, A and Pupillo, G and Zoller, P},
  month = {05},
  pages = {055045},
  title = {Quantum simulations of extended Hubbard models with dipolar crystals},
  volume = {11},
  year = {2009},
  journal = {New Journal of Physics}
}

@article{19,
  author = {García-Ripoll, J. J. and Martin-Delgado, M. A. and Cirac, J. I.},
  month = {12},
  title = {Implementation of Spin Hamiltonians in Optical Lattices},
  volume = {93},
  year = {2004},
  journal = {Physical Review Letters}
}

@article{20,
  author = {Fallani, L. and Lye, J. E. and Guarrera, V. and Fort, C. and Inguscio, M.},
  month = {03},
  title = {Ultracold Atoms in a Disordered Crystal of Light: Towards a Bose Glass},
  volume = {98},
  year = {2007},
  journal = {Physical Review Letters}
}

@article{21,
  author = {Billy, Juliette and Josse, Vincent and Zuo, Zhanchun and Bernard, Alain and Hambrecht, Ben and Lugan, Pierre and Clément, David and Sanchez-Palencia, Laurent and Bouyer, Philippe and Aspect, Alain},
  month = {06},
  pages = {891-894},
  title = {Direct observation of Anderson localization of matter waves in a controlled disorder},
  volume = {453},
  year = {2008},
  journal = {Nature}
}

@article{22,
  author = {Zwierlein, M. W. and Abo-Shaeer, J. R. and Schirotzek, A. and Schunck, C. H. and Ketterle, W.},
  month = {06},
  pages = {1047-1051},
  title = {Vortices and superfluidity in a strongly interacting Fermi gas},
  volume = {435},
  year = {2005},
  journal = {Nature}
}

@article{23,
  author = {Aguado, M. and Brennen, G. K. and Verstraete, F. and Cirac, J. I.},
  month = {12},
  title = {Creation, Manipulation, and Detection of Abelian and Non-Abelian Anyons in Optical Lattices},
  volume = {101},
  year = {2008},
  journal = {Physical Review Letters}
}

@article{24,
  author = {Lin, Y.-J. and Compton, R. L. and Jiménez-García, K. and Porto, J. V. and Spielman, I. B.},
  month = {12},
  pages = {628-632},
  title = {Synthetic magnetic fields for ultracold neutral atoms},
  volume = {462},
  year = {2009},
  journal = {Nature}
}

@article{25,
  author = {Liu, Xiong-Jun and Liu, Zheng-Xin and Cheng, Meng},
  month = {02},
  title = {Manipulating Topological Edge Spins in a One-Dimensional Optical Lattice},
  volume = {110},
  year = {2013},
  journal = {Physical Review Letters}
}

@article{26,
  author = {Büchler, H. P. and Hermele, M. and Huber, S. D. and Fisher, Matthew P. A. and Zoller, P.},
  month = {07},
  title = {Atomic Quantum Simulator for Lattice Gauge Theories and Ring Exchange Models},
  volume = {95},
  year = {2005},
  journal = {Physical Review Letters}
}

@article{27,
  author = {Orland, Peter and Rohrlich, Daniel},
  month = {07},
  pages = {647-672},
  title = {Lattice gauge magnets: Local isospin from spin},
  volume = {338},
  year = {1990},
  journal = {Nuclear Physics B}
}

@article{28,
  author = {Chandrasekharan, S and Wiese, U.-J},
  month = {05},
  pages = {455-471},
  title = {Quantum link models: A discrete approach to gauge theories},
  volume = {492},
  year = {1997},
  journal = {Nuclear Physics B}
}

@article{29,
  author = {Cirac, J. Ignacio and Maraner, Paolo and Pachos, Jiannis K.},
  month = {11},
  title = {Cold Atom Simulation of Interacting Relativistic Quantum Field Theories},
  volume = {105},
  year = {2010},
  journal = {Physical Review Letters}
}

@article{30,
  author = {Kormos, Marton and Collura, Mario and Takács, Gabor and Calabrese, Pasquale},
  month = {11},
  pages = {246-249},
  title = {Real-time confinement following a quantum quench to a non-integrable model},
  volume = {13},
  year = {2016},
  journal = {Nature Physics}
}

@article{31,
  author = {Banerjee, D. and Dalmonte, M. and Müller, M. and Rico, E. and Stebler, P. and Wiese, U.-J. and Zoller, P.},
  month = {10},
  title = {Atomic Quantum Simulation of Dynamical Gauge Fields Coupled to Fermionic Matter: From String Breaking to Evolution after a Quench},
  volume = {109},
  year = {2012},
  journal = {Physical Review Letters}
}

@article{32,
  author = {Goldman, N. and Kubasiak, A. and Bermudez, A. and Gaspard, P. and Lewenstein, M. and Martin-Delgado, M. A.},
  month = {07},
  title = {Non-Abelian Optical Lattices: Anomalous Quantum Hall Effect and Dirac Fermions},
  volume = {103},
  year = {2009},
  journal = {Physical Review Letters}
}

@article{33,
  author = {Hou, Jing-Min and Yang, Wen-Xing and Liu, Xiong-Jun},
  month = {04},
  title = {Massless Dirac fermions in a square optical lattice},
  volume = {79},
  year = {2009},
  journal = {Physical Review A}
}

@article{34,
  author = {Zurek, Wojciech H. and Dorner, Uwe and Zoller, Peter},
  month = {09},
  title = {Dynamics of a Quantum Phase Transition},
  volume = {95},
  year = {2005},
  journal = {Physical Review Letters}
}

@article{35,
  author = {Giovanazzi, S.},
  month = {02},
  title = {Hawking Radiation in Sonic Black Holes},
  volume = {94},
  year = {2005},
  journal = {Physical Review Letters}
}

@article{36,
  author = {Bloch, Immanuel and Dalibard, Jean and Zwerger, Wilhelm},
  month = {07},
  pages = {885-964},
  title = {Many-body physics with ultracold gases},
  volume = {80},
  year = {2008},
  journal = {Reviews of Modern Physics}
}

@article{37,
  author = {Hung, C.-L. and Gurarie, V. and Chin, C.},
  month = {08},
  pages = {1213-1215},
  title = {From Cosmology to Cold Atoms: Observation of Sakharov Oscillations in a Quenched Atomic Superfluid},
  volume = {341},
  year = {2013},
  journal = {Science}
}

@article{38,
  author = {Lin, Cheng-Ju and Motrunich, Olexei I.},
  month = {04},
  title = {Out-of-time-ordered correlators in a quantum Ising chain},
  volume = {97},
  year = {2018},
  journal = {Physical Review B}
}

@article{39,
  author = {Fischer, Uwe and Schützhold, Ralf},
  month = {12},
  title = {Quantum simulation of cosmic inflation in two-component Bose-Einstein condensates},
  volume = {70},
  year = {2004},
  journal = {Physical Review A}
}

@article{40,
  author = {You, J. Q. and Nori, Franco},
  month = {06},
  pages = {589-597},
  title = {Atomic physics and quantum optics using superconducting circuits},
  volume = {474},
  year = {2011},
  journal = {Nature}
}

@article{41,
  author = {Leibfried, D. and DeMarco, B. and Meyer, V. and Rowe, M. and Ben-Kish, A. and Britton, J. and Itano, W. M. and Jelenković, B. and Langer, C. and Rosenband, T. and Wineland, D. J.},
  month = {11},
  title = {Trapped-Ion Quantum Simulator: Experimental Application to Nonlinear Interferometers},
  volume = {89},
  year = {2002},
  journal = {Physical Review Letters}
}

@article{42,
  author = {Müller, M and Hammerer, K and Zhou, Y L and Roos, C F and Zoller, P},
  month = {08},
  pages = {085007},
  title = {Simulating open quantum systems: from many-body interactions to stabilizer pumping},
  volume = {13},
  year = {2011},
  journal = {New Journal of Physics}
}

@article{43,
  author = {Matloob, Reza},
  month = {11},
  pages = {3421-3428},
  title = {Casimir effect between two conducting plates},
  volume = {60},
  year = {1999},
  journal = {Physical Review A}
}

@article{44,
  author = {Turner, Michael S. and Wilczek, Frank},
  month = {08},
  pages = {633-634},
  title = {Is our vacuum metastable?},
  volume = {298},
  year = {1982},
  journal = {Nature}
}

@article{45,
  author = {Deutsch, J. M.},
  month = {02},
  pages = {2046-2049},
  title = {Quantum statistical mechanics in a closed system},
  volume = {43},
  year = {1991},
  journal = {Physical Review A}
}

@article{46,
  author = {Rigol, Marcos and Dunjko, Vanja and Olshanii, Maxim},
  month = {04},
  pages = {854-858},
  title = {Thermalization and its mechanism for generic isolated quantum systems},
  volume = {452},
  year = {2008},
  journal = {Nature}
}
@inproceedings{Altland,
  booktitle={Condensed Matter Field Theory},
  title={Second edition},
  author={Alexander Altland and Ben D Simons},
  year={2010}
}
@article{cohen,
  title={Atom-Photon Interactions},
  author={Dupont-Roc, Jacques and Cohen-Tannoudji, C and Grynberg, G},
  journal={Basic Processes and Appli},
  year={1992}
}
@article{47,
  author = {Jördens, Robert and Strohmaier, Niels and Günter, Kenneth and Moritz, Henning and Esslinger, Tilman},
  month = {09},
  pages = {204-207},
  title = {A Mott insulator of fermionic atoms in an optical lattice},
  volume = {455},
  year = {2008},
  journal = {Nature}
}
@book{li,
  title={固体理论},
  author={李正中},
  year = {2002}
}
@article{48,
  author = {Yin, Xiangguo and Cao, Lushuai and Schmelcher, Peter},
  month = {04},
  pages = {26004},
  title = {Magnetic kink states emulated with dipolar superlattice gases},
  volume = {110},
  year = {2015},
  journal = {EPL (Europhysics Letters)}
}

@article{49,
  author = {Struck, J. and Olschlager, C. and Le Targat, R. and Soltan-Panahi, P. and Eckardt, A. and Lewenstein, M. and Windpassinger, P. and Sengstock, K.},
  month = {07},
  pages = {996-999},
  title = {Quantum Simulation of Frustrated Classical Magnetism in Triangular Optical Lattices},
  volume = {333},
  year = {2011},
  journal = {Science}
}

@article{50,
  author = {Lin, Y.-J. and Compton, R. L. and Jiménez-García, K. and Porto, J. V. and Spielman, I. B.},
  month = {12},
  pages = {628-632},
  title = {Synthetic magnetic fields for ultracold neutral atoms},
  volume = {462},
  year = {2009},
  journal = {Nature}
}

@article{51,
  author = {Wu, Congjun and Bergman, Doron and Balents, Leon and Das Sarma, S.},
  month = {08},
  title = {Flat Bands and Wigner Crystallization in the Honeycomb Optical Lattice},
  volume = {99},
  year = {2007},
  journal = {Physical Review Letters}
}

@article{52,
  author = {Wu, Wei and Rachel, Stephan and Liu, Wu-Ming and Le Hur, Karyn},
  month = {05},
  title = {Quantum spin Hall insulators with interactions and lattice anisotropy},
  volume = {85},
  year = {2012},
  journal = {Physical Review B}
}
@book{cohenad,
  title={Advances in atomic physics: an overview},
  author={Cohen-Tannoudji, Claude and others},
  year={2011},
  publisher={World Scientific}
}
@article{53,
  author = {Welton, Theodore A.},
  month = {11},
  pages = {1157-1167},
  title = {Some Observable Effects of the Quantum-Mechanical Fluctuations of the Electromagnetic Field},
  volume = {74},
  year = {1948},
  journal = {Physical Review}
}

@article{54,
  author = {Avan, P. and Cohen-Tannoudji, C. and Dupont-Roc, J. and Fabre, C.},
  pages = {993-1009},
  title = {Effect of high frequency irradiation on the dynamical properties of weakly bound electrons},
  volume = {37},
  year = {1976},
  journal = {Journal de Physique}
}
@article{55,
title = {STATIONARY STATES OF AN ELECTRON-POSITRON SYSTEM AND ANNIHILATION TRANSITIONS},
author = {Lee, C},
journal = {Zhur. Eksptl'. i Teoret. Fiz.},
volume = {33},
place = {Country unknown/Code not available},
year = {1957},
month = {8}
}
@article{56,
  author = {Lin, Y.-J. and Compton, R. and Perry, A. and Phillips, W. and Porto, J. and Spielman, I.},
  month = {03},
  title = {Bose-Einstein Condensate in a Uniform Light-Induced Vector Potential},
  volume = {102},
  year = {2009},
  journal = {Physical Review Letters}
}

@article{57,
  author = {Li, Xiaoke and Zhu, Bing and He, Xiaodong and Wang, Fudong and Guo, Mingyang and Xu, Zhi-Fang and Zhang, Shizhong and Wang, Dajun},
  month = {06},
  title = {Coherent Heteronuclear Spin Dynamics in an Ultracold Spinor Mixture},
  volume = {114},
  year = {2015},
  journal = {Physical Review Letters}
}

@article{58,
  author = {Mil, Alexander and Zache, Torsten V. and Hegde, Apoorva and Xia, Andy and Bhatt, Rohit P. and Oberthaler, Markus K. and Hauke, Philipp and Berges, Jürgen and Jendrzejewski, Fred},
  month = {03},
  pages = {1128-1130},
  title = {A scalable realization of local U(1) gauge invariance in cold atomic mixtures},
  volume = {367},
  year = {2020},
  journal = {Science}
}

@article{59,
  author = {Dittrich, Walter and Gies, Holger},
  month = {06},
  title = {Vacuum Birefringence in Strong Magnetic Fields},
  year = {1998},
  journal = {arXiv:hep-ph/9806417}
}

@article{60,
  author = {Soluyanov, Alexey A. and Gresch, Dominik and Wang, Zhijun and Wu, QuanSheng and Troyer, Matthias and Dai, Xi and Bernevig, B. Andrei},
  month = {11},
  pages = {495-498},
  title = {Type-II Weyl semimetals},
  volume = {527},
  year = {2015},
  journal = {Nature}
}

@article{61,
  author = {Weyl, Hermann},
  month = {05},
  pages = {330-352},
  title = {Elektron und Gravitation. I},
  volume = {56},
  year = {1929},
  journal = {Zeitschrift fur Physiku}
}

@article{62,
  author = {Wan, Xiangang and Turner, Ari M. and Vishwanath, Ashvin and Savrasov, Sergey Y.},
  month = {05},
  title = {Topological semimetal and Fermi-arc surface states in the electronic structure of pyrochlore iridates},
  volume = {83},
  year = {2011},
  journal = {Physical Review B}
}

@article{63,
  author = {Xu, S.-Y. and Belopolski, I. and Alidoust, N. and Neupane, M. and Bian, G. and Zhang, C. and Sankar, R. and Chang, G. and Yuan, Z. and Lee, C.-C. and Huang, S.-M. and Zheng, H. and Ma, J. and Sanchez, D. S. and Wang, B. and Bansil, A. and Chou, F. and Shibayev, P. P. and Lin, H. and Jia, S. and Hasan, M. Z.},
  month = {07},
  pages = {613-617},
  title = {Discovery of a Weyl fermion semimetal and topological Fermi arcs},
  volume = {349},
  year = {2015},
  journal = {Science}
}

@article{64,
  author = {Kane, C. L. and Mele, E. J.},
  month = {11},
  title = {Quantum Spin Hall Effect in Graphene},
  volume = {95},
  year = {2005},
  journal = {Physical Review Letters}
}

@article{65,
  author = {Kane, C. L. and Mele, E. J.},
  month = {09},
  title = {Z2Topological Order and the Quantum Spin Hall Effect},
  volume = {95},
  year = {2005},
  journal = {Physical Review Letters}
}
@book{bern,
  title={Topological insulators and topological superconductors},
  author={Bernevig, B Andrei and Hughes, Taylor L},
  year={2013},
  publisher={Princeton university press}
}
@article{66,
  author = {Rizzo, Carlo and Rizzo, Antonio and Bishop, David M.},
  month = {01},
  pages = {81-111},
  title = {The Cotton-Mouton effect in gases: Experiment and theory},
  volume = {16},
  year = {1997},
  journal = {International Reviews in Physical Chemistry}
}
@article{67,
  author = {Wang, Qiang and Liu, Jie and Fu, Li-bin},
  month = {04},
  title = {Pumping Electron-Positron Pairs from a Well Potential},
  volume = {6},
  year = {2016},
  journal = {Scientific Reports}
}

@article{68,
  author = {Lv, Q. Z. and Su, Q. and Grobe, R.},
  month = {11},
  title = {Manipulation of the Vacuum to Control Its Field-Induced Decay},
  volume = {121},
  year = {2018},
  journal = {Physical Review Letters}
}
@article{69,
  author = {刘武},
  month = {5},
  title = {利用超冷原子系统进行正反粒子对产生/湮灭的量子模拟的理论研究},
  year = {2018},
  journal = {华中科技大学本科生毕业设计}
}
@book{wang,
  title={简明量子场论},
  author={王正行},
  year={2008},
  publisher={北京大学出版社}
}